@article{einstein,
    author =       "Albert Einstein",
    title =        "{Zur Elektrodynamik bewegter K{\"o}rper}. ({German})
        [{On} the electrodynamics of moving bodies]",
    journal =      "Annalen der Physik",
    volume =       "322",
    number =       "10",
    pages =        "891--921",
    year =         "1905",
    DOI =          "http://dx.doi.org/10.1002/andp.19053221004"
}
 
@book{latexcompanion,
    author    = "Michel Goossens and Frank Mittelbach and Alexander Samarin",
    title     = "The \LaTeX\ Companion",
    year      = "1993",
    publisher = "Addison-Wesley",
    address   = "Reading, Massachusetts"
}
 
@misc{knuthwebsite,
    author    = "Donald Knuth",
    title     = "Knuth: Computers and Typesetting",
    url       = "http://www-cs-faculty.stanford.edu/\~{}uno/abcde.html"
}
	
@misc{kantra,
	author = "kantraworldpanel.com",
	url = "http://www.kantarworldpanel.com/global/smartphone-os-market-share/",
	year = "2016"
}

@misc{statista,
	author = "statista.com",
	url ="http://www.statista.com/statistics/271774/share-of-android-platforms-on-mobile-devices-with-android-os/",
	year = "2016"
}

@misc{vuforiastarting,
	author = "Vuforia Developer Guide",
	title = "Getting Started",
	url = "https://developer.vuforia.com/library/getting-started"
}

@misc{emca,
	author = "EMCA",
	title = "C# Language Specification",
	year = "2012",
	url = "http://www.ecma-international.org/publications/files/ECMA-ST/Ecma-334.pdf"
}

@misc{unityLanguage,
	author = "Aleksandr",
	title = "Documentation, Unity Scripting Languages and You",
	year = "2014",
	url ="http://blogs.unity3d.com/2014/09/03/documentation-unity-scripting-languages-and-you/"
}

@misc{tangibleBits,
	author = "Ishii, H., Ullmer, B.",
	year = "1997",
	title = "Tangible bits: towards seamless interfaces between people, bits and atoms, Proceedings of the ACM SIGCHI Conference on Human factors in computing systems"
	publisher = "ACM"
}

@misc{SIGCHI,
	author = "Liu, C., Huot, S., Diehl, J., Mackay, W.E, Beaudouin-Lafon, M.",
	title = "Evaluating the benefits of real-time feedback in mobile augmented reality with hand-held devices, Proceedings of the SIGCHI Conference on Human Factors in Computing Systems",
	year = "2012"
	publisher = "ACM"
}

@misc{SPIE,
	author = "Milgram, P., Takemura, H., Utsumi, A., Kishino, F.",
	title = "Augmented Reality: A Class of Displays on the Reality-virtuality Continuum. SPIE, Telemanipulator and Telepresence Technologies",
	year = "1994"
}

@misc{dng,
	author = "DÃºchas Na Gaillmhe",
	year = "2016",
	url = "http://www.galwaycivictrust.ie/index.php/projects/27-hall-of-the-red-earl"
}